@MastersThesis{ dijk2007,
title = "{{T}he implementation of a {L}agrangian particle dispersion model in large eddy simulations of the atmospheric boundary layer}",
author = "G. {van Dijk}",
school = "Delft University of Technology",
year = "2007",
}

@Article{ dosio2005,
title = "{{R}elating {E}ulerian and {L}agrangian statistics for the turbulent dispersion in the atmospheric convective boundary layer}",
author = "A. Dosio and J. {Vil{\`a}-Guerau de Arellano} and A. A. M. Holtslag and P. J. H. Builtjes",
journal = "J. Atmos. Sci.",
pages = "1175--1191",
volume = "62",
number = "4",
month = "4",
year = "2005",
doi = "10.1175/JAS3393.1"
}

@ARTICLE{Gopal2000,
author={Gopalakrishnan, S.G. and Avissar, R.},
title={An LES study of the impacts of land surface heterogeneity on dispersion in the convective boundary layer},
journal={J. Atmos. Sci},
year={2000},
volume={57},
number={2},
pages={352-371}
}

@ARTICLE{ heerwaarden2009,
  title = {Interactions between dry-air entrainment, surface evaporation and convective boundary-layer development},
  author = {van {Heerwaarden}, C. C. and Vila-Guerau de Arellano, J. and Moene, A. F. and Holtslag, A. A. M.},
  year = {2009},
  journal = {Quart.\ J.\ Roy.\ Meteor.\ Soc.},
  volume = {135},
  pages = {1277--1291}
}

@article{ heus2008,
Author = {Heus, T. and Van Dijk, G.-J. and Jonker, H. J. J. and Van den Akker, H. E. A.},
Title = {{Mixing in shallow cumulus clouds studied by Lagrangian particle tracking}},
Journal = {{J. Atmos. Sci}},
Year = {{2008}},
Volume = {{65}},
Number = {{8}},
Pages = {{2581-2597}},
Month = {{AUG}},
DOI = {{10.1175/2008JAS2572.1}},
ISSN = {{0022-4928}},
Unique-ID = {{ISI:000258571400006}},
}

@Article{ heus2010,
title = "Formulation of the Dutch Atmospheric Large-Eddy Simulation (DALES) and overview of its applications",
author = "T. Heus and C. C. van Heerwaarden and H. J. J. Jonker and A. Pier Siebesma and S. Axelsen and K. van den Dries and O. Geoffroy and A. F. Moene and D. Pino and S. R. de Roode and Jordi {Vil{\`a}-Guerau de Arellano}",
journal = "Geoscientific Model Development",
pages = "415--444",
volume = "3",
number = "2",
year = "2010",
doi = "10.5194/gmd-3-415-2010",
}



@Article{ lamb1978,
title = "{{A} numerical simulation of dispersion from an elevated point source in the convective planetary boundary layer}",
author = "R. G. Lamb",
journal = "Atmos. Environ.",
pages = "1297--1304",
volume = "12",
year = "1978",
doi = "10.1016/0004-6981(78)90068-9",
}

@ARTICLE{ lekien2005,
author={Lekien, F. and Marsden, J.},
title={Tricubic interpolation in three dimensions},
journal={Internat. J. Numer. Methods Engrg.},
year={2005},
volume={63},
number={3},
pages={455-471}
}

@ARTICLE{ mason1992,
author={Mason, P.J.},
title={Large-eddy simulation of dispersion in convective boundary layers with wind shear},
journal={Atmos. Environ. Part B},
year={1992},
volume={26 A},
number={9},
pages={1561-1571}
}

@ARTICLE{stevens1999,
author={Stevens, B. and Moeng, C.-H. and Sullivan, P. P.},
title={Large-eddy simulations of radiatively driven convection: Sensitivities to the representation of small scales},
journal={J. Atmos. Sci},
year={1999},
volume={56},
number={23},
pages={3963-3984}
}

@BOOK{ Stull1988,
  AUTHOR = {Stull,R. B.},	
  YEAR = 1988,
  TITLE = {An introduction to boundary layer meteorology},
  PUBLISHER = {Kluwer Academic Publishers},
}

@article{ verzijlbergh2009,
Author = {Verzijlbergh, R. A. and Jonker, H. J. J. and Heus, T. and Vil\'{a}-Guerau de Arellano, J. },
Title = {{Turbulent dispersion in cloud-topped boundary layers}},
Journal = {{Atmos. Chem. Phys.}},
Year = {{2009}},
Volume = {{9}},
Number = {{4}},
Pages = {{1289-1302}},
ISSN = {{1680-7316}},
Unique-ID = {{ISI:000263642000015}},
}

@article{ vanZanten2011,
Author = {vanZanten, Margreet C. and Stevens, Bjorn and Nuijens, Louise and
   Siebesma, A. Pier and Ackerman, A. S. and Burnet, F. and Cheng, A. and
   Couvreux, F. and Jiang, H. and Khairoutdinov, M. and Kogan, Y. and
   Lewellen, D. C. and Mechem, D. and Nakamura, K. and Noda, A. and
   Shipway, B. J. and Slawinska, J. and Wang, S. and Wyszogrodzki, A.},
Title = {{Controls on precipitation and cloudiness in simulations of trade-wind
   cumulus as observed during RICO}},
Journal = {{JAMES}},
Year = {{2011}},
Volume = {{3}},
DOI = {{10.1029/2011MS000056}},
}

@ARTICLE{ weil2004,
author={Weil, J. C. and Sullivan, P. P. and Moeng, C.-H.},
title={The use of large-eddy simulations in Lagrangian particle dispersion models},
journal={J. Atmos. Sci.},
year={2004},
volume={61},
number={23},
pages={2877-2887},
doi = {10.1175/JAS-3302.1},
url = {http://dx.doi.org/10.1175/JAS-3302.1}
}

@article{ yamaguchi2012,
Author = {Yamaguchi, T. and Randall, D. A.},
Title = {{Cooling of Entrained Parcels in a Large-Eddy Simulation}},
Journal = {{J. Atmos. Sci.}},
Year = {{2012}},
Volume = {{69}},
Number = {{3}},
Pages = {{1118-1136}},
Month = {{MAR}},
DOI = {{10.1175/JAS-D-11-080.1}},
ISSN = {{0022-4928}},
Unique-ID = {{ISI:000300960700022}},
}